% Encoding: UTF-8

@Book{HP,
  title =     {Harry Potter},
  publisher = {Ditte},
  year =      {2001},
  author =    {RK ROWLIng}
}
